@article{linguistics,
  author =       "V. Srikrishna and Rahul Ghosh and V. Ravi and Kalyanmoy Deb",
  title =        "Elitist Quantum-Inspired Differential Evolution based Wrapper for Feature Subset Selection",
  journal =      "9th Multi-Disciplinary International Workshop on Artificial Intelligence(MIWAI), Lecture Notes in Artificial Intelligence 9426, pg. 113-124",
  year =         "2015",
  DOI =          "http://link.springer.com/chapter/10.1007%2F978-3-319-26181-2_11"
}

@article{ml,
  author =       "Rahul Ghosh and Kumar Ravi and V. Ravi",
  title =        "A Novel Deep Learning Architecture for Sentiment Classification",
  journal =      "3rd International Conference on Recent Advances in Information Technology (RAIT)/IEEE",
  year =         "2016",
  DOI =          "http://ieeexplore.ieee.org/document/7507953/"
}
